<record><leader>00000cas a22000007a 4500</leader><controlfield tag="001">16637990</controlfield><controlfield tag="008">870903d19001901ohuwr ne      0    0eng d</controlfield><datafield ind1=" " ind2=" " tag="010"><subfield code="a">sn 87075038 </subfield></datafield><datafield ind1=" " ind2=" " tag="040"><subfield code="a">ONP</subfield><subfield code="b">eng</subfield><subfield code="c">ONP</subfield><subfield code="d">OCLCQ</subfield></datafield><datafield ind1=" " ind2=" " tag="042"><subfield code="a">msc</subfield></datafield><datafield ind1="0" ind2="0" tag="245"><subfield code="a">New Lexington herald and Perry County index.</subfield></datafield><datafield ind1=" " ind2=" " tag="260"><subfield code="a">New Lexington, Ohio :</subfield><subfield code="b">P.M. Cullinan,</subfield><subfield code="c">1900-1901.</subfield></datafield><datafield ind1=" " ind2=" " tag="310"><subfield code="a">Weekly</subfield></datafield><datafield ind1="0" ind2=" " tag="362"><subfield code="a">Vol. 34, no. 45 (Aug. 23, 1900)-v. 36, no. 8 (Dec. 5, 1901).</subfield></datafield><datafield ind1=" " ind2=" " tag="752"><subfield code="a">United States</subfield><subfield code="b">Ohio</subfield><subfield code="c">Perry</subfield><subfield code="d">New Lexington.</subfield></datafield><datafield ind1="0" ind2="4" tag="780"><subfield code="t">New Lexington herald (New Lexington, Ohio : 1888)</subfield><subfield code="w">(DLC)sn 87075037</subfield></datafield><datafield ind1="0" ind2="4" tag="780"><subfield code="t">Perry County index</subfield></datafield><datafield ind1="0" ind2="0" tag="785"><subfield code="t">New Lexington herald (New Lexington, Ohio : 1901)</subfield><subfield code="w">(DLC)sn 85038090</subfield></datafield></record>